@misc{EVS:website,
    title       = "{EVS Website}",
    note        = "[\url{https://evs.com}], consulté le 21 avril 2022",
}

@misc{EVS:products,
    title       = "{Page de présentation des produits commercialisés par EVS Broadcast Equipment}",
    note        = "[\url{https://evs.com/products}], consulté le 21 avril 2022",
}

@misc{2005-embrechts,
    author      = "Jean-Jacques Embrechts",
    title       = "Introduction aux techniques audio et video (notes de cours)",
    year        = 2005,
}

@misc{wiki:codec,
    author      = "Wikipedia",
    title       = "Codec",
    note        = "[\url{https://en.wikipedia.org/wiki/Codec}], consulté le 2 mai 2022",
}


@misc{wiki:MPEG,
    author      = "Wikipedia",
    title       = "Moving Picture Experts Group",
    note        = "[\url{https://en.wikipedia.org/wiki/Moving_Picture_Experts_Group}], consulté le 30 mars 2022",
}

@techreport{ISO13818-7,
    type        = {Standard},
    key         = {ISO/IEC 13818-7:2006},
    year        = {2006},
    title       = {{Information technology -- Generic coding of moving pictures and associated audio information -- Part 7: Advanced Audio Coding (AAC)}},
    institution = {International Organization for Standardization},
    note        = "[\url{https://www.iso.org/standard/43345.html}]"
}

@techreport{ISO14496-3,
    type        = {Standard},
    key         = {ISO/IEC 14496-3:2019},
    year        = {2019},
    title       = {{Information technology -- Coding of audio-visual objects -- Part 3: Audio}},
    institution = {International Organization for Standardization},
    note        = "[\url{https://www.iso.org/standard/76383.html}]"
}

@article{1999-Brandenburg,
    author      = "Karlheinz Brandenburg",
    title       = "{MP3 and AAC Explained}",
    journal     = "AES 17\textsuperscript{th} International Conference on High Quality Audio Coding",
    year        = 1999,
}

@misc{wiki:psychoacoustic,
    author      = "Wikipedia",
    title       = "Psychoacoustics",
    note        = "[\url{https://en.wikipedia.org/wiki/Psychoacoustics}], consulté le 2 mars 2022",
}

@article{2019-Herre-Dick,
    author      = {Jürgen Herre and Sascha Dick},
    year        = {2019},
    month       = {07},
    pages       = {2854},
    title       = {{Psychoacoustic Models for Perceptual Audio Coding—A Tutorial Review}},
    volume      = {9},
    journal     = {Applied Sciences},
    doi         = {10.3390/app9142854}
}

@article{1924-wegel,
    title       = {The Auditory Masking of One Pure Tone by Another and its Probable Relation to the Dynamics of the Inner Ear},
    author      = {Wegel, R. L. and Lane, C. E.},
    journal     = {Phys. Rev.},
    volume      = {23},
    issue       = {2},
    pages       = {266--285},
    numpages    = {0},
    year        = {1924},
    publisher   = {American Physical Society},
    doi         = {10.1103/PhysRev.23.266},
}

@InProceedings{1974-Vogten,
    author      ="Vogten, L. L. M.",
    editor      ="Zwicker, Eberhard and Terhardt, Ernst",
    title       ="Pure-Tone Masking: A New Result from a New Method",
    booktitle   ="Facts and Models in Hearing",
    year        ="1974",
    publisher   ="Springer Berlin Heidelberg",
    address     ="Berlin, Heidelberg",
    pages       ="142--155",
    abstract    ="Exactly half a century ago Wegel and Lane (1924) published the first systematic quantitative results of masking with pure tones. In subsequent pure-tone masking experiments the frequency region where probe and masker nearly coincide has been treated rather stepmotherly. One reason for this undoubtedly is that in this region beats are complicating the picture (e. g. Wegel/Lane, 1924, Egan/Hake, 1950, Zwicker, 1967). As a consequence, many authors avoid small frequency differences between probe and masker or use noise as a masker. But even the application of narrow-band noise does not completely avoid intensity fluctuations in the stimulus i. e. masker + probe (Bos/de Boer, 1966).",
    isbn        ="978-3-642-65902-7"
}

@mastersthesis{Wafaa,
    author      = "Wafaa Heddari",
    title       = "Study of audio AAC encoding and developing an optimized Encoder",
    school      = "Université de Liège",
    year        = "2020--2021",
    url         = "http://hdl.handle.net/2268.2/11545",
}

@misc{wiki:MDCT,
    author      = "Wikipedia",
    title       = "Modified discrete cosine transform",
    note        = "[\url{https://en.wikipedia.org/wiki/Modified_discrete_cosine_transform}], consulté le 17 septembre 2021",
}

@misc{2014-edler,
    author      = "Bernd Edler",
    title       = "{The MDCT and its Applications in Audio Coding}",
    year        = 2014,
    note        = "[\url{https://community.arm.com/arm-community-blogs/b/architectures-and-processors-blog/posts/coding-for-neon---part-1-load-and-stores}]",
}

@inproceedings{1987-princen-bradley,
    author      ={Princen, J. and Johnson, A. and Bradley, A.},
    booktitle   ={ICASSP '87. IEEE International Conference on Acoustics, Speech, and Signal Processing}, 
    title       ={Subband/Transform coding using filter bank designs based on time domain aliasing cancellation}, 
    year        ={1987},
    volume      ={12},
    number      ={},
    pages       ={2161-2164},
    doi         ={10.1109/ICASSP.1987.1169405}
}

@misc{raspberry-doc,
    title       = {{Site internet de la Fondation Raspberryz}},
    note        = "[\url{https://www.raspberrypi.com/}], consulté le 10 juin 2022"
}

@misc{dsprelated,
    title       = {{Code d'exemple d'une MDCT basée sur une FFT}},
    note        = "[\url{https://www.dsprelated.com/showcode/196.php}]",
    year        = 2011
}

@misc{fftw,
    title       = {{Site de la librairie FFTW}},
    note        = "[\url{http://www.fftw.org/}], consulté le 10 juin 2022"
}

@misc{Ne10,
    title       = "{Documentation du projet Ne10}",
    note        = "[\url{http://projectne10.github.io/Ne10/doc/}], consulté le 9 mai 2022",
}

@misc{BSD,
    title       = "{The 3-Clause BSD License}",
    note        = "[\url{https://opensource.org/licenses/BSD-3-Clause}], consulté le 9 mai 2022",
}

@misc{DOC-ARM,
    title       = {{Instruction Set Assembly Guide for Armv7 and earlier Arm architectures -- Version 2.0 -- Reference Guide}},
    note        = "[\url{https://developer.arm.com/documentation/100076/0200}], consulté le 10 juin 2022"
}

@article{2007-Oberstar,
    author      = {Erick Oberstar},
    year        = {2007},
    pages       = {},
    title       = {{Fixed-Point Representation \& Fractional Math Revison 1.2}},
    doi         = {10.13140/RG.2.1.3602.8242},
    url         = "[\url{https://www.researchgate.net/publication/235791711_Fixed-Point_Representation_Fractional_Math_Revison_12}]"
}

@misc{wiki:SIMD,
    author      = "Wikipedia",
    title       = "Single instruction, multiple data",
    note        = "[\url{https://en.wikipedia.org/wiki/Single_instruction,_multiple_data}], consulté le 29 mai 2022",
}

@misc{NEON-list,
    title       = {{Liste des intrinsèques ARM NEON supportée par GCC}},
    note        = "[\url{https://gcc.gnu.org/onlinedocs/gcc-4.6.1/gcc/ARM-NEON-Intrinsics.html}], consulté le 10 juin 2022"
}

@misc{tuto-neon,
    author      = "{ARM Community blogs}",
    title       = "{Série de tutoriels \emph{Coding for Neon}}",
    year        = 2013,
    note        = "[\url{https://community.arm.com/arm-community-blogs/b/architectures-and-processors-blog/posts/coding-for-neon---part-1-load-and-stores}]",
}


@Article{FFTW05,
    author      = {Frigo, Matteo and Johnson, Steven~G.},
    title       = {The Design and Implementation of {FFTW3}},
    journal     = {Proceedings of the IEEE},
    year        = 2005,
    volume      = 93,
    number      = 2,
    pages       = {216--231},
    note        = {Special issue on ``Program Generation, Optimization, and Platform Adaptation''}
}




@article{1994-Hawksford,
    author      = {Malcolm Hawksford},
    year        = {1994},
    month       = {04},
    pages       = {1/1 - 114},
    title       = {An introduction to digital audio}
}

@misc{wiki:AAC,
    author = "Wikipedia",
    title = "Advanced Audio Coding",
    note = "[\url{https://en.wikipedia.org/wiki/Advanced_Audio_Coding}], consulté le 7 mars 2022",
}

https://www.youtube.com/watch?v=xLzkLc33S_U


%    \url{https://infoscience.epfl.ch/record/59946}
%    \url{https://www.cis.rit.edu/class/simg716/Gauss_History_FFT.pdf}
%    \url{https://sci-hub.se/https://www.jstor.org/stable/29775194#}
% https://www.allaboutcircuits.com/technical-articles/fixed-point-representation-the-q-format-and-addition-examples/
% https://en.wikipedia.org/wiki/Q_(number_format)
% https://www.microchip.com/forums/m/tm.aspx?m=1082472&p=1
% https://thinkingeek.com/2013/05/12/arm-assembler-raspberry-pi-chapter-13/
% https://books.google.be/books?id=Y9qcBAAAQBAJ&pg=PA44&lpg=PA44&dq=instructions+available+on+armv7l+pi+4+float+integer&source=bl&ots=wijHNfTMKX&sig=ACfU3U3UF72OzlWfRzNEOcrVE0SK5KSh9Q&hl=fr&sa=X&ved=2ahUKEwilndLNzOv3AhVPgM4BHRlmAhYQ6AF6BAgZEAM#v=onepage&q=instructions%20available%20on%20armv7l%20pi%204%20float%20integer&f=false
% https://stackoverflow.com/questions/10304532/why-does-fft-produce-complex-numbers-instead-of-real-numbers
